@conference{ivapp19,
author={Marco Angelini. and Graziano Blasilli. and Lorenzo Farina. and Simone Lenti. and Giuseppe Santucci.},
title={NEMESIS (NEtwork MEdicine analySIS): Towards Visual Exploration of Network Medicine Data},
booktitle={Proceedings of the 14th International Joint Conference on Computer Vision, Imaging and Computer Graphics Theory and Applications - Volume 3 IVAPP: IVAPP,},
year={2019},
pages={322-329},
publisher={SciTePress},
organization={INSTICC},
doi={10.5220/0007577003220329},
isbn={978-989-758-354-4},
}

@online{mds_js,
  author = {Ben Frederickson},
  title = { MDS Javascript implementation},
  year = 2015,
  url = {http://www.benfrederickson.com/multidimensional-scaling/},
  urldate = {2020-07-3}
}

@online{d3,
  author = {Mike Bostock},
  title = { D3.js a Data Driven Document manipulation library},
  url = {https://github.com/d3/},
  urldate = {2020-07-3}
}
